<?xml version="1.0" encoding="UTF-8"?><collection xmlns="http://www.loc.gov/MARC21/slim"><record><leader>00354nam--2200133-i-4500</leader><controlfield tag="001">000039248</controlfield><controlfield tag="002">20161230</controlfield><controlfield tag="005">20161230201042</controlfield><controlfield tag="008">060222s1000------------r-----000-0-eng-d</controlfield><datafield ind1=" " ind2=" " tag="080"><subfield code="a">621.38.049</subfield></datafield><datafield ind1=" " ind2=" " tag="245"><subfield code="a">Rca. linear integrated circuits</subfield></datafield><datafield ind1=" " ind2=" " tag="260"><subfield code="a">Somerville, Rca Solid State Division, 1970. 416p</subfield></datafield><datafield ind1=" " ind2=" " tag="490"><subfield code="a">Technical Series Ic-42</subfield></datafield><datafield ind1=" " ind2=" " tag="852"><subfield code="a">621.015.3</subfield></datafield></record></collection>